<record><leader>04454cam a2200409 i 4500</leader><controlfield tag="001">6677744</controlfield><controlfield tag="003">FlBoTFG</controlfield><controlfield tag="005">20140910124938.0</controlfield><controlfield tag="006">m    ||  d |      </controlfield><controlfield tag="007">cr |||</controlfield><controlfield tag="008">140910t20152015fluadf  ob    001 0 eng d</controlfield><datafield ind1=" " ind2=" " tag="020"><subfield code="a">9781466597853 (e-book : PDF)</subfield></datafield><datafield ind1=" " ind2=" " tag="035"><subfield code="a">ocn890721118</subfield></datafield><datafield ind1=" " ind2=" " tag="039"><subfield code="a">exclude</subfield></datafield><datafield ind1=" " ind2=" " tag="040"><subfield code="a">FlBoTFG</subfield><subfield code="b">eng</subfield><subfield code="c">FlBoTFG</subfield><subfield code="e">rda</subfield><subfield code="d">AEU</subfield></datafield><datafield ind1=" " ind2="4" tag="050"><subfield code="a">TK6592.T48</subfield><subfield code="b">C66 2015</subfield></datafield><datafield ind1="0" ind2=" " tag="082"><subfield code="a">621.38485</subfield><subfield code="b">C737</subfield></datafield><datafield ind1=" " ind2=" " tag="090"><subfield code="a">Internet Access</subfield><subfield code="b">AEU</subfield></datafield><datafield ind1="0" ind2="0" tag="245"><subfield code="a">Compressive sensing for urban radar /</subfield><subfield code="c">edited by Moeness Amin, Villanova University, Pennsylvania.</subfield></datafield><datafield ind1=" " ind2="1" tag="264"><subfield code="a">Boca Raton :</subfield><subfield code="b">CRC Press,</subfield><subfield code="c">[2015]</subfield></datafield><datafield ind1=" " ind2="4" tag="264"><subfield code="c">&#169;2015</subfield></datafield><datafield ind1=" " ind2=" " tag="300"><subfield code="a">1 online resource :</subfield><subfield code="b">text file, PDF</subfield></datafield><datafield ind1=" " ind2=" " tag="336"><subfield code="a">text</subfield><subfield code="2">rdacontent</subfield></datafield><datafield ind1=" " ind2=" " tag="337"><subfield code="a">computer</subfield><subfield code="2">rdamedia</subfield></datafield><datafield ind1=" " ind2=" " tag="338"><subfield code="a">online resource</subfield><subfield code="2">rdacarrier</subfield></datafield><datafield ind1=" " ind2=" " tag="504"><subfield code="a">Includes bibliographical references and index.</subfield></datafield><datafield ind1="0" ind2=" " tag="505"><subfield code="a">1. Compressive sensing fundamentals / Michael B. Wakin -- 2. Overcomplete dictionary design for building feature extraction / Wim van Rossum and Jacco de Wit -- 3. Compressive sensing for radar imaging of underground targets / Kyle R. Krueger, James H. McClellan, and Waymond R. Scott, Jr. -- 4. Wall clutter mitigations for compressive imaging of building interiors / Fauzia Ahmad -- 5. Compressive sensing for urban multipath exploitation / Michael Leigsnering and Abdelhak M. Zoubir -- 6. Measurement kernel design for HRR imaging of urban objects / Nathan A. Goodman, Yujie Gu, and Junhyeong Bae -- 7. Compressive sensing for multipolarization through-the-wall radar imaging / Abdesselam Bouzerdoum, Jack Yang, and Fok Hing Chi Tivive -- 8. Sparsity-aware human motion indication / Moeness G. Amin -- 9. Time-frequency analysis of micro-Doppler signals based on compressive sensing / Ljubi&#353;a Stankovi&#263;, Srdjan Stankovi&#263;, Irena Orovi&#263;, and Yimin D. Zhang -- 10. Urban target tracking using sparse representations / Phani Chavali and Arye Nehorai -- 11. Three-dimensional imaging of vehicles from sparse apertures in urban environment / Emre Ertin -- 12. Compressive sensing for mimo urban radar / Yao Yu, Athina Petropulu, and Rabinder N. Madan -- 13. Compressive sensing meets noise radar / Mahesh C. Shastry, Ram M. Narayanan, and Muralidhar Rangaswamy.</subfield></datafield><datafield ind1=" " ind2=" " tag="506"><subfield code="a">Access restricted to authorized users and institutions.</subfield></datafield><datafield ind1=" " ind2=" " tag="520"><subfield code="a">"With the emergence of compressive sensing and sparse signal reconstruction, approaches to urban radar have shifted toward relaxed constraints on signal sampling schemes in time and space, and to effectively address logistic difficulties in data acquisition. Traditionally, these challenges have hindered high resolution imaging by restricting both bandwidth and aperture, and by imposing uniformity and bounds on sampling rates.Compressive Sensing for Urban Radar is the first book to focus on a hybrid of two key areas: compressive sensing and urban sensing. It explains how reliable imaging, tracking, and localization of indoor targets can be achieved using compressed observations that amount to a tiny percentage of the entire data volume. Capturing the latest and most important advances in the field, this state-of-the-art text:Covers both ground-based and airborne synthetic aperture radar (SAR) and uses different signal waveforms Demonstrates successful applications of compressive sensing for target detection and revealing building interiors Describes problems facing urban radar and highlights sparse reconstruction techniques applicable to urban environmentsDeals with both stationary and moving indoor targets in the presence of wall clutter and multipath exploitation Provides numerous supporting examples using real data and computational electromagnetic modeling Featuring 13 chapters written by leading researchers and experts, Compressive Sensing for Urban Radar is a useful and authoritative reference for radar engineers and defense contractors, as well as a seminal work for graduate students and academia"--</subfield><subfield code="c">Provided by publisher.</subfield></datafield><datafield ind1=" " ind2=" " tag="596"><subfield code="a">44</subfield></datafield><datafield ind1=" " ind2="0" tag="650"><subfield code="a">Through-the-wall radar imaging.</subfield></datafield><datafield ind1=" " ind2="0" tag="650"><subfield code="a">Data compression (Telecommunication)</subfield></datafield><datafield ind1=" " ind2="0" tag="650"><subfield code="a">Sampling (Statistics)</subfield></datafield><datafield ind1="1" ind2=" " tag="700"><subfield code="a">Amin, Moeness G.,</subfield><subfield code="e">editor.</subfield></datafield><datafield ind1="4" ind2="0" tag="856"><subfield code="3">University of Alberta Access</subfield><subfield code="u">http://marc.crcnetbase.com/isbn/9781466597853</subfield><subfield code="z">(Unlimited Concurrent Users)</subfield></datafield><datafield ind1=" " ind2=" " tag="949"><subfield code="h">UAIN</subfield><subfield code="z">CRC</subfield></datafield><datafield ind1=" " ind2=" " tag="926"><subfield code="a">Internet Access</subfield><subfield code="w">LC</subfield><subfield code="c">1</subfield><subfield code="i">6677744-1001</subfield><subfield code="l">INTERNET</subfield><subfield code="m">UAINTERNET</subfield><subfield code="r">Y</subfield><subfield code="s">Y</subfield><subfield code="t">E-RESOURCE</subfield><subfield code="u">9/15/2014</subfield><subfield code="x">E-BOOK</subfield><subfield code="z">CRC</subfield></datafield></record>